12100110999999ин┬╝Н └█│                               02249999               010               20999999
22606ин┬╝Н ╦╝Л╣     020хМ└к1              19876543ин┬╝ ╝о│╝я                    00000000010                    0
22606ин┬╝Н ╦╝Л╣     030хМ└к2              29999999ин┬╝ ╩┼║                      00000000020                    0
22606ин┬╝Н ╦╝Л╣     030хМ└к2              11234567ин┬╝ ╝я█│                     00000000030200504001 000001    0
8000003000000000006
9